@book{Steyer,
	author = {Ralph Steyer},
	title = {Apps mit PhoneGap entwickeln - Universelle Web-Apps plattformneutral programmieren},
	date = {2013},
	publisher = {Carl Hanser Verlag GmbH \& Co. KG },
	isbn = {978-3-446-43510-0 },
	doi = {10.3139/9783446435438 },
}

@online{jQueryDemo,
	author = {jQuery Foundation},
	title = {Pages - jQuery Mobile Demos},
	date = {date},
	howpublished = "\url{http://demos.jquerymobile.com/1.4.2/pages/}",
	organization = {jQuery Foundation},
	note = "[Online; letzter Zugriff 25.06.2015]"
}

@online{jQueryStart,
	author = {jQuery Foundation},
	title = {A Touch-Optimized Web Framework},
	date = {date},
	howpublished = "\url{http://jquerymobile.com/}",
	organization = {jQuery Foundation},
	note = "[Online; letzter Zugriff 25.06.2015]"
}

@book{jQuery,
	author = {Ralph Steyer},
	title = {jQuery - Das universelle JavaScript-Framework f√ºr das interaktive Web und mobile Anwendungen},
	date = {2014},
	publisher = {Carl Hanser Verlag GmbH \& Co. KG },
	isbn = {978-3-446-43941-2},
	doi = {10.3139/9783446439498},
}

@Misc{InnoDB,
	author = "MySQL Manual",
	title  = "MySQL Glossary - ACID",
	howpublished = "\url{http://dev.mysql.com/doc/refman/5.7/en/glossary.html#glos_acid}",
	organization = {Oracle Corporation},
	note = "[Online; letzter Zugriff 25.06.2015]"
}